@book{brezis_functional_2011,
	title = {Functional analysis, Sobolev spaces and Partial differential equations},
	publisher = {Springer},
	author = {Brezis, Haim},
	year = {2011},
	file = {Snapshot:/Users/wsy/Zotero/storage/N7WZK866/Brezis and Br√©zis - 2011 - Functional analysis, Sobolev spaces and partial di.html:text/html},
}

@book{conway_course_1990,
	address = {New York},
	edition = {2nd edition},
	title = {A Course in Functional Analysis},
	isbn = {978-3-540-96042-3},
	language = {English},
	publisher = {Springer},
	author = {Conway, John B.},
	month = sep,
	year = {1990},
}

@book{kreyszig_introductory_1989,
	address = {New York},
	edition = {1st edition},
	title = {Introductory Functional Analysis with Applications},
	isbn = {978-0-471-50459-7},
	language = {English},
	publisher = {Wiley},
	author = {Kreyszig, Erwin},
	month = feb,
	year = {1989},
}

@book{komornik_lectures_2016,
	address = {New York, NY},
	edition = {1st ed. 2016 edition},
	title = {Lectures on Functional Analysis and the Lebesgue Integral},
	isbn = {978-1-4471-6810-2},
	language = {English},
	publisher = {Springer},
	author = {Komornik, Vilmos},
	month = jun,
	year = {2016},
}

@book{rudin_functional_1991,
	address = {New York},
	edition = {2nd edition},
	title = {Functional Analysis},
	isbn = {978-0-07-054236-5},
	language = {English},
	publisher = {McGraw-Hill Science/Engineering/Math},
	author = {Rudin, Walter},
	month = jan,
	year = {1991},
}

@book{hirsch2012elements,
  title={Elements of functional analysis},
  author={Hirsch, Francis and Lacombe, Gilles},
  volume={192},
  year={2012},
  publisher={Springer Science \& Business Media}
}